<?xml version="1.0" encoding="UTF-8"?><collection xmlns="http://www.loc.gov/MARC21/slim"><record><leader>00501nam--2200181-i-4500</leader><controlfield tag="001">000045757</controlfield><controlfield tag="002">20161230</controlfield><controlfield tag="005">20161230201045</controlfield><controlfield tag="008">060222s1000------------r-----000-0-rum-d</controlfield><datafield ind1=" " ind2=" " tag="040"><subfield code="a">IFIN-HH</subfield></datafield><datafield ind1=" " ind2=" " tag="041"><subfield code="a">rum</subfield></datafield><datafield ind1=" " ind2=" " tag="080"><subfield code="a">535:530.145.61(043)</subfield></datafield><datafield ind1="1" ind2=" " tag="100"><subfield code="a">Truta,Nicolae Vladimir</subfield></datafield><datafield ind1="1" ind2="0" tag="245"><subfield code="a">Contributii la teoria unor fenomene optice neliniare</subfield><subfield code="b">Rezumatul tezei</subfield><subfield code="c">Nicolae vladimir truta</subfield></datafield><datafield ind1=" " ind2=" " tag="260"><subfield code="a">Bucuresti</subfield><subfield code="b">Ifa</subfield><subfield code="c">1996</subfield></datafield><datafield ind1=" " ind2=" " tag="300"><subfield code="a">30 P</subfield></datafield><datafield ind1=" " ind2=" " tag="852"><subfield code="a">80634</subfield><subfield code="c">535</subfield></datafield><datafield ind1=" " ind2=" " tag="CAT"><subfield code="a">Sys</subfield><subfield code="c">20101129</subfield><subfield code="h">145249</subfield></datafield></record></collection>